<?xml version = "1.0" encoding = "UTF-8"?><record>
  <leader>02340nam#a2200601#c#4500</leader>
  <controlfield tag="005">20210409002939.0</controlfield>
  <controlfield tag="007">tu</controlfield>
  <controlfield tag="008">080304|2007####au#####|######|||#u#ger#c</controlfield>
  <controlfield tag="003">DE-605</controlfield>
  <controlfield tag="001">990164976690206441</controlfield>
  <datafield tag="015" ind1=" " ind2=" ">
    <subfield code="a">08,A07,0479</subfield>
    <subfield code="z">07,N24,0668</subfield>
    <subfield code="2">dnb</subfield>
  </datafield>
  <datafield tag="016" ind1="7" ind2=" ">
    <subfield code="a">237237898</subfield>
    <subfield code="2">OCoLC</subfield>
  </datafield>
  <datafield tag="016" ind1="7" ind2=" ">
    <subfield code="a">984254722</subfield>
    <subfield code="2">DE-101b</subfield>
  </datafield>
  <datafield tag="020" ind1=" " ind2=" ">
    <subfield code="a">9783205776390</subfield>
    <subfield code="c">Gewebe : EUR 49.00</subfield>
    <subfield code="9">978-3-205-77639-0</subfield>
    <subfield code="0">(uri) http://www.isbnsearch.org/isbn/9783205776390</subfield>
  </datafield>
  <datafield tag="020" ind1=" " ind2=" ">
    <subfield code="a">3205776399</subfield>
    <subfield code="c">Gewebe : EUR 49.00</subfield>
    <subfield code="9">3-205-77639-9</subfield>
    <subfield code="0">(uri) http://www.isbnsearch.org/isbn/3205776399</subfield>
  </datafield>
  <datafield tag="024" ind1="3" ind2=" ">
    <subfield code="a">9783205776390</subfield>
    <subfield code="0">(uri) http://www.isbnsearch.org/isbn/9783205776390</subfield>
  </datafield>
  <datafield tag="035" ind1=" " ind2=" ">
    <subfield code="a">(DE-605)HT015455455</subfield>
  </datafield>
  <datafield tag="040" ind1=" " ind2=" ">
    <subfield code="a">107</subfield>
    <subfield code="b">ger</subfield>
    <subfield code="c">DNB</subfield>
    <subfield code="d">82</subfield>
    <subfield code="e">rakddb</subfield>
  </datafield>
  <datafield tag="041" ind1=" " ind2=" ">
    <subfield code="a">ger</subfield>
  </datafield>
  <datafield tag="044" ind1=" " ind2=" ">
    <subfield code="c">XA-AT</subfield>
    <subfield code="c">XA-DE</subfield>
  </datafield>
  <datafield tag="082" ind1="0" ind2="4">
    <subfield code="a">338.76629220904</subfield>
    <subfield code="2">DDC22ger</subfield>
  </datafield>
  <datafield tag="082" ind1="0" ind2="4">
    <subfield code="a">629.220904</subfield>
    <subfield code="2">DDC22ger</subfield>
  </datafield>
  <datafield tag="084" ind1=" " ind2=" ">
    <subfield code="a">650</subfield>
    <subfield code="2">rpb</subfield>
  </datafield>
  <datafield tag="084" ind1=" " ind2=" ">
    <subfield code="a">330</subfield>
    <subfield code="2">z</subfield>
  </datafield>
  <datafield tag="089" ind1="0" ind2="4">
    <subfield code="a">338.76629220904</subfield>
    <subfield code="c">338.76</subfield>
    <subfield code="d">629.22</subfield>
    <subfield code="e">DDC22ger</subfield>
    <subfield code="f">0904</subfield>
  </datafield>
  <datafield tag="089" ind1="0" ind2="4">
    <subfield code="a">629.220904</subfield>
    <subfield code="c">629.22</subfield>
    <subfield code="e">DDC22ger</subfield>
    <subfield code="f">0904</subfield>
  </datafield>
  <datafield tag="090" ind1=" " ind2=" ">
    <subfield code="a">b</subfield>
    <subfield code="h">h</subfield>
  </datafield>
  <datafield tag="100" ind1="1" ind2=" ">
    <subfield code="a">Pfundner, Martin</subfield>
    <subfield code="d">1930-2016</subfield>
    <subfield code="0">(DE-588)124897274</subfield>
    <subfield code="4">aut</subfield>
    <subfield code="0">(uri) https://portal.dnb.de/opac.htm?method=simpleSearch&amp;cqlMode=true&amp;query=idn=124897274</subfield>
    <subfield code="0">(uri) http://viaf.org/viaf/sourceID/DNB|124897274</subfield>
    <subfield code="B">GND-124897274</subfield>
  </datafield>
  <datafield tag="245" ind1="1" ind2="0">
    <subfield code="a">Austro-Daimler und Steyr</subfield>
    <subfield code="b">Rivalen bis zur Fusion ; die fr&#252;hen Jahre des Ferdinand Porsche</subfield>
    <subfield code="c">Martin Pfundner</subfield>
  </datafield>
  <datafield tag="264" ind1=" " ind2="1">
    <subfield code="a">Wien</subfield>
    <subfield code="a">K&#246;ln</subfield>
    <subfield code="a">Weimar</subfield>
    <subfield code="c">2007</subfield>
  </datafield>
  <datafield tag="300" ind1=" " ind2=" ">
    <subfield code="a">291 S. : Ill., graph. Darst.</subfield>
  </datafield>
  <datafield tag="655" ind1=" " ind2="7">
    <subfield code="a">Verzeichnis</subfield>
    <subfield code="0">(DE-588)4188171-0</subfield>
    <subfield code="2">gnd-content</subfield>
  </datafield>
  <datafield tag="689" ind1="0" ind2="0">
    <subfield code="a">Austro-Daimler-Puchwerke</subfield>
    <subfield code="D">b</subfield>
    <subfield code="0">(DE-588)2101246-5</subfield>
    <subfield code="0">(uri) https://portal.dnb.de/opac.htm?method=simpleSearch&amp;cqlMode=true&amp;query=idn=007497210</subfield>
    <subfield code="0">(uri) http://viaf.org/viaf/sourceID/DNB|007497210</subfield>
  </datafield>
  <datafield tag="689" ind1="0" ind2="1">
    <subfield code="a">Porsche, Ferdinand</subfield>
    <subfield code="d">1875-1951</subfield>
    <subfield code="D">p</subfield>
    <subfield code="0">(DE-588)118595881</subfield>
    <subfield code="0">(uri) https://portal.dnb.de/opac.htm?method=simpleSearch&amp;cqlMode=true&amp;query=idn=118595881</subfield>
    <subfield code="0">(uri) http://viaf.org/viaf/sourceID/DNB|118595881</subfield>
    <subfield code="B">GND-118595881</subfield>
  </datafield>
  <datafield tag="689" ind1="0" ind2="2">
    <subfield code="a">Steyr-Daimler-Puch AG</subfield>
    <subfield code="D">b</subfield>
    <subfield code="0">(DE-588)111164-4</subfield>
    <subfield code="0">(uri) https://portal.dnb.de/opac.htm?method=simpleSearch&amp;cqlMode=true&amp;query=idn=001111647</subfield>
    <subfield code="0">(uri) http://viaf.org/viaf/sourceID/DNB|001111647</subfield>
  </datafield>
  <datafield tag="689" ind1="0" ind2="3">
    <subfield code="a">Geschichte</subfield>
    <subfield code="A">z</subfield>
  </datafield>
  <datafield tag="689" ind1="1" ind2="0">
    <subfield code="a">Austro-Daimler-Puchwerke</subfield>
    <subfield code="D">b</subfield>
    <subfield code="0">(DE-588)2101246-5</subfield>
    <subfield code="0">(uri) https://portal.dnb.de/opac.htm?method=simpleSearch&amp;cqlMode=true&amp;query=idn=007497210</subfield>
    <subfield code="0">(uri) http://viaf.org/viaf/sourceID/DNB|007497210</subfield>
  </datafield>
  <datafield tag="689" ind1="1" ind2="1">
    <subfield code="a">Automobilsport</subfield>
    <subfield code="D">s</subfield>
    <subfield code="0">(DE-588)4003988-2</subfield>
    <subfield code="0">(uri) https://portal.dnb.de/opac.htm?method=simpleSearch&amp;cqlMode=true&amp;query=idn=040039889</subfield>
    <subfield code="0">(uri) http://viaf.org/viaf/sourceID/DNB|040039889</subfield>
    <subfield code="B">GND-040039889</subfield>
  </datafield>
  <datafield tag="689" ind1="1" ind2="2">
    <subfield code="a">Steyr-Daimler-Puch AG</subfield>
    <subfield code="D">b</subfield>
    <subfield code="0">(DE-588)111164-4</subfield>
    <subfield code="0">(uri) https://portal.dnb.de/opac.htm?method=simpleSearch&amp;cqlMode=true&amp;query=idn=001111647</subfield>
    <subfield code="0">(uri) http://viaf.org/viaf/sourceID/DNB|001111647</subfield>
  </datafield>
  <datafield tag="689" ind1="1" ind2="3">
    <subfield code="a">Geschichte</subfield>
    <subfield code="A">z</subfield>
  </datafield>
  <datafield tag="689" ind1="2" ind2="0">
    <subfield code="a">Daimler</subfield>
    <subfield code="g">Marke</subfield>
    <subfield code="D">s</subfield>
    <subfield code="0">(DE-588)4443675-0</subfield>
    <subfield code="0">(uri) https://portal.dnb.de/opac.htm?method=simpleSearch&amp;cqlMode=true&amp;query=idn=949843539</subfield>
    <subfield code="0">(uri) http://viaf.org/viaf/sourceID/DNB|949843539</subfield>
    <subfield code="B">GND-949843539</subfield>
  </datafield>
  <datafield tag="689" ind1="2" ind2="1">
    <subfield code="a">Kraftfahrzeug</subfield>
    <subfield code="D">s</subfield>
    <subfield code="0">(DE-588)4073757-3</subfield>
    <subfield code="0">(uri) https://portal.dnb.de/opac.htm?method=simpleSearch&amp;cqlMode=true&amp;query=idn=040737578</subfield>
    <subfield code="0">(uri) http://viaf.org/viaf/sourceID/DNB|040737578</subfield>
  </datafield>
  <datafield tag="689" ind1="2" ind2="2">
    <subfield code="a">Geschichte 1918-1940</subfield>
    <subfield code="A">z</subfield>
  </datafield>
  <datafield tag="689" ind1="3" ind2="0">
    <subfield code="a">Steyr</subfield>
    <subfield code="g">Marke</subfield>
    <subfield code="D">s</subfield>
    <subfield code="0">(DE-588)4576855-9</subfield>
    <subfield code="0">(uri) https://portal.dnb.de/opac.htm?method=simpleSearch&amp;cqlMode=true&amp;query=idn=958275327</subfield>
    <subfield code="0">(uri) http://viaf.org/viaf/sourceID/DNB|958275327</subfield>
    <subfield code="B">GND-958275327</subfield>
  </datafield>
  <datafield tag="689" ind1="3" ind2="1">
    <subfield code="a">Kraftfahrzeug</subfield>
    <subfield code="D">s</subfield>
    <subfield code="0">(DE-588)4073757-3</subfield>
    <subfield code="0">(uri) https://portal.dnb.de/opac.htm?method=simpleSearch&amp;cqlMode=true&amp;query=idn=040737578</subfield>
    <subfield code="0">(uri) http://viaf.org/viaf/sourceID/DNB|040737578</subfield>
  </datafield>
  <datafield tag="689" ind1="3" ind2="2">
    <subfield code="a">Geschichte 1920-1945</subfield>
    <subfield code="A">z</subfield>
  </datafield>
  <datafield tag="856" ind1="4" ind2="2">
    <subfield code="q">text/html</subfield>
    <subfield code="u">http://deposit.d-nb.de/cgi-bin/dokserv?id=2957975&amp;prov=M&amp;dok_var=1&amp;dok_ext=htm</subfield>
    <subfield code="3">Inhaltstext</subfield>
  </datafield>
  <datafield tag="856" ind1="4" ind2="2">
    <subfield code="m">V:DE-601;B:DE-206</subfield>
    <subfield code="q">application/pdf</subfield>
    <subfield code="u">http://digitale-objekte.hbz-nrw.de/storage2/2018/07/08/file_95/8103784.pdf</subfield>
    <subfield code="3">Inhaltsverzeichnis</subfield>
    <subfield code="9">O:PKN</subfield>
  </datafield>
  <datafield tag="964" ind1="0" ind2="s">
    <subfield code="F">030</subfield>
    <subfield code="A">a|1dar|z|||17</subfield>
  </datafield>
  <datafield tag="964" ind1="0" ind2="s">
    <subfield code="F">050</subfield>
    <subfield code="A">a|b|||||||||||</subfield>
  </datafield>
  <datafield tag="964" ind1="0" ind2="s">
    <subfield code="F">051</subfield>
    <subfield code="A">m|||z|||</subfield>
  </datafield>
  <datafield tag="035" ind1=" " ind2=" ">
    <subfield code="a">(OCoLC)237237898</subfield>
    <subfield code="0">(uri) http://www.worldcat.org/oclc/237237898</subfield>
  </datafield>
  <datafield tag="035" ind1=" " ind2=" ">
    <subfield code="a">(DE-599)DNB984254722</subfield>
  </datafield>
  <datafield tag="MBD" ind1=" " ind2=" ">
    <subfield code="M">49HBZ_NETWORK</subfield>
    <subfield code="i">990164976690206441</subfield>
    <subfield code="n">HBZ Network</subfield>
  </datafield>
  <datafield tag="MNG" ind1=" " ind2=" ">
    <subfield code="c">System</subfield>
    <subfield code="f">ILS</subfield>
    <subfield code="i">marc21</subfield>
    <subfield code="k">01</subfield>
    <subfield code="e">false</subfield>
    <subfield code="d">2021-04-09 00:29:39 Europe/Berlin</subfield>
    <subfield code="g">016497669-HBZ01</subfield>
    <subfield code="j">60</subfield>
    <subfield code="a">import</subfield>
    <subfield code="b">2021-04-06 03:18:25 Europe/Berlin</subfield>
  </datafield>
  <datafield tag="GKT" ind1="2" ind2=" ">
    <subfield code="a">Steyr-Daimler-Puch Aktiengesellschaft</subfield>
    <subfield code="A">GND</subfield>
    <subfield code="B">GND-001111647</subfield>
    <subfield code="C">410</subfield>
  </datafield>
  <datafield tag="GKT" ind1="2" ind2=" ">
    <subfield code="a">Steyr-Daimler-Puch-AG</subfield>
    <subfield code="A">GND</subfield>
    <subfield code="B">GND-001111647</subfield>
    <subfield code="C">410</subfield>
  </datafield>
  <datafield tag="GKT" ind1="2" ind2=" ">
    <subfield code="a">Daimler-Puch AG</subfield>
    <subfield code="g">Steyr</subfield>
    <subfield code="A">GND</subfield>
    <subfield code="B">GND-001111647</subfield>
    <subfield code="C">410</subfield>
  </datafield>
  <datafield tag="GKT" ind1="2" ind2=" ">
    <subfield code="a">Daimler-Puch AG</subfield>
    <subfield code="g">Wien</subfield>
    <subfield code="A">GND</subfield>
    <subfield code="B">GND-001111647</subfield>
    <subfield code="C">410</subfield>
  </datafield>
  <datafield tag="GKT" ind1="2" ind2=" ">
    <subfield code="a">Steyr</subfield>
    <subfield code="g">Steyr-Daimler-Puch AG</subfield>
    <subfield code="A">GND</subfield>
    <subfield code="B">GND-001111647</subfield>
    <subfield code="C">410</subfield>
  </datafield>
  <datafield tag="GKT" ind1="2" ind2=" ">
    <subfield code="a">SDP AG</subfield>
    <subfield code="4">abku</subfield>
    <subfield code="4">http://d-nb.info/standards/elementset/gnd#abbreviatedNameForTheCorporateBody</subfield>
    <subfield code="w">r</subfield>
    <subfield code="i">Abkuerzung</subfield>
    <subfield code="e">Abkuerzung</subfield>
    <subfield code="A">GND</subfield>
    <subfield code="B">GND-001111647</subfield>
    <subfield code="C">410</subfield>
  </datafield>
  <datafield tag="GKT" ind1="2" ind2=" ">
    <subfield code="a">Puch-AG</subfield>
    <subfield code="A">GND</subfield>
    <subfield code="B">GND-001111647</subfield>
    <subfield code="C">410</subfield>
  </datafield>
  <datafield tag="GSI" ind1="7" ind2=" ">
    <subfield code="a">http://d-nb.info/gnd/111164-4</subfield>
    <subfield code="2">uri</subfield>
    <subfield code="A">GND</subfield>
    <subfield code="B">GND-001111647</subfield>
    <subfield code="C">024</subfield>
  </datafield>
  <datafield tag="GKT" ind1="2" ind2=" ">
    <subfield code="a">Daimler-Puchwerke, Austro-</subfield>
    <subfield code="A">GND</subfield>
    <subfield code="B">GND-007497210</subfield>
    <subfield code="C">410</subfield>
  </datafield>
  <datafield tag="GKT" ind1="2" ind2=" ">
    <subfield code="a">Austro-Daimler-Puchwerke</subfield>
    <subfield code="g">Wiener Neustadt</subfield>
    <subfield code="4">ngkd</subfield>
    <subfield code="4">http://d-nb.info/standards/elementset/gnd#variantName</subfield>
    <subfield code="w">r</subfield>
    <subfield code="i">Ehemalige Vorzugsbenennung GKD</subfield>
    <subfield code="e">Ehemalige Vorzugsbenennung GKD</subfield>
    <subfield code="A">GND</subfield>
    <subfield code="B">GND-007497210</subfield>
    <subfield code="C">410</subfield>
  </datafield>
  <datafield tag="GKT" ind1="2" ind2=" ">
    <subfield code="a">O&#776;sterreichische Daimler-Motoren-Commanditgesellschaft Bierenz, Fischer und Co.</subfield>
    <subfield code="g">Wiener Neustadt</subfield>
    <subfield code="4">nafr</subfield>
    <subfield code="4">http://d-nb.info/standards/elementset/gnd#EarlierNameOfThePerson</subfield>
    <subfield code="w">r</subfield>
    <subfield code="i">Frueherer Name</subfield>
    <subfield code="e">Frueherer Name</subfield>
    <subfield code="A">GND</subfield>
    <subfield code="B">GND-007497210</subfield>
    <subfield code="C">410</subfield>
  </datafield>
  <datafield tag="GSI" ind1="7" ind2=" ">
    <subfield code="a">http://d-nb.info/gnd/2101246-5</subfield>
    <subfield code="2">uri</subfield>
    <subfield code="A">GND</subfield>
    <subfield code="B">GND-007497210</subfield>
    <subfield code="C">024</subfield>
  </datafield>
  <datafield tag="GKT" ind1="2" ind2=" ">
    <subfield code="a">Steyr-Daimler-Puch Aktiengesellschaft</subfield>
    <subfield code="A">GND</subfield>
    <subfield code="B">GND-001111647</subfield>
    <subfield code="C">410</subfield>
  </datafield>
  <datafield tag="GKT" ind1="2" ind2=" ">
    <subfield code="a">Steyr-Daimler-Puch-AG</subfield>
    <subfield code="A">GND</subfield>
    <subfield code="B">GND-001111647</subfield>
    <subfield code="C">410</subfield>
  </datafield>
  <datafield tag="GKT" ind1="2" ind2=" ">
    <subfield code="a">Daimler-Puch AG</subfield>
    <subfield code="g">Steyr</subfield>
    <subfield code="A">GND</subfield>
    <subfield code="B">GND-001111647</subfield>
    <subfield code="C">410</subfield>
  </datafield>
  <datafield tag="GKT" ind1="2" ind2=" ">
    <subfield code="a">Daimler-Puch AG</subfield>
    <subfield code="g">Wien</subfield>
    <subfield code="A">GND</subfield>
    <subfield code="B">GND-001111647</subfield>
    <subfield code="C">410</subfield>
  </datafield>
  <datafield tag="GKT" ind1="2" ind2=" ">
    <subfield code="a">Steyr</subfield>
    <subfield code="g">Steyr-Daimler-Puch AG</subfield>
    <subfield code="A">GND</subfield>
    <subfield code="B">GND-001111647</subfield>
    <subfield code="C">410</subfield>
  </datafield>
  <datafield tag="GKT" ind1="2" ind2=" ">
    <subfield code="a">SDP AG</subfield>
    <subfield code="4">abku</subfield>
    <subfield code="4">http://d-nb.info/standards/elementset/gnd#abbreviatedNameForTheCorporateBody</subfield>
    <subfield code="w">r</subfield>
    <subfield code="i">Abkuerzung</subfield>
    <subfield code="e">Abkuerzung</subfield>
    <subfield code="A">GND</subfield>
    <subfield code="B">GND-001111647</subfield>
    <subfield code="C">410</subfield>
  </datafield>
  <datafield tag="GKT" ind1="2" ind2=" ">
    <subfield code="a">Puch-AG</subfield>
    <subfield code="A">GND</subfield>
    <subfield code="B">GND-001111647</subfield>
    <subfield code="C">410</subfield>
  </datafield>
  <datafield tag="GSI" ind1="7" ind2=" ">
    <subfield code="a">http://d-nb.info/gnd/111164-4</subfield>
    <subfield code="2">uri</subfield>
    <subfield code="A">GND</subfield>
    <subfield code="B">GND-001111647</subfield>
    <subfield code="C">024</subfield>
  </datafield>
  <datafield tag="GSI" ind1="7" ind2=" ">
    <subfield code="a">http://d-nb.info/gnd/118595881</subfield>
    <subfield code="2">uri</subfield>
    <subfield code="A">GND</subfield>
    <subfield code="B">GND-118595881</subfield>
    <subfield code="C">024</subfield>
  </datafield>
  <datafield tag="GKT" ind1="2" ind2=" ">
    <subfield code="a">Daimler-Puchwerke, Austro-</subfield>
    <subfield code="A">GND</subfield>
    <subfield code="B">GND-007497210</subfield>
    <subfield code="C">410</subfield>
  </datafield>
  <datafield tag="GKT" ind1="2" ind2=" ">
    <subfield code="a">Austro-Daimler-Puchwerke</subfield>
    <subfield code="g">Wiener Neustadt</subfield>
    <subfield code="4">ngkd</subfield>
    <subfield code="4">http://d-nb.info/standards/elementset/gnd#variantName</subfield>
    <subfield code="w">r</subfield>
    <subfield code="i">Ehemalige Vorzugsbenennung GKD</subfield>
    <subfield code="e">Ehemalige Vorzugsbenennung GKD</subfield>
    <subfield code="A">GND</subfield>
    <subfield code="B">GND-007497210</subfield>
    <subfield code="C">410</subfield>
  </datafield>
  <datafield tag="GKT" ind1="2" ind2=" ">
    <subfield code="a">O&#776;sterreichische Daimler-Motoren-Commanditgesellschaft Bierenz, Fischer und Co.</subfield>
    <subfield code="g">Wiener Neustadt</subfield>
    <subfield code="4">nafr</subfield>
    <subfield code="4">http://d-nb.info/standards/elementset/gnd#EarlierNameOfThePerson</subfield>
    <subfield code="w">r</subfield>
    <subfield code="i">Frueherer Name</subfield>
    <subfield code="e">Frueherer Name</subfield>
    <subfield code="A">GND</subfield>
    <subfield code="B">GND-007497210</subfield>
    <subfield code="C">410</subfield>
  </datafield>
  <datafield tag="GSI" ind1="7" ind2=" ">
    <subfield code="a">http://d-nb.info/gnd/2101246-5</subfield>
    <subfield code="2">uri</subfield>
    <subfield code="A">GND</subfield>
    <subfield code="B">GND-007497210</subfield>
    <subfield code="C">024</subfield>
  </datafield>
  <datafield tag="GST" ind1=" " ind2=" ">
    <subfield code="a">Kfz</subfield>
    <subfield code="A">GND</subfield>
    <subfield code="B">GND-040737578</subfield>
    <subfield code="C">450</subfield>
  </datafield>
  <datafield tag="GST" ind1=" " ind2=" ">
    <subfield code="a">Motorfahrzeug</subfield>
    <subfield code="A">GND</subfield>
    <subfield code="B">GND-040737578</subfield>
    <subfield code="C">450</subfield>
  </datafield>
  <datafield tag="GST" ind1=" " ind2=" ">
    <subfield code="a">Kraftfahrzeuge</subfield>
    <subfield code="A">GND</subfield>
    <subfield code="B">GND-040737578</subfield>
    <subfield code="C">450</subfield>
  </datafield>
  <datafield tag="GSI" ind1="7" ind2=" ">
    <subfield code="a">http://d-nb.info/gnd/4073757-3</subfield>
    <subfield code="2">uri</subfield>
    <subfield code="A">GND</subfield>
    <subfield code="B">GND-040737578</subfield>
    <subfield code="C">024</subfield>
  </datafield>
  <datafield tag="GSI" ind1="7" ind2=" ">
    <subfield code="a">http://d-nb.info/gnd/4576855-9</subfield>
    <subfield code="2">uri</subfield>
    <subfield code="A">GND</subfield>
    <subfield code="B">GND-958275327</subfield>
    <subfield code="C">024</subfield>
  </datafield>
  <datafield tag="GST" ind1=" " ind2=" ">
    <subfield code="a">Kfz</subfield>
    <subfield code="A">GND</subfield>
    <subfield code="B">GND-040737578</subfield>
    <subfield code="C">450</subfield>
  </datafield>
  <datafield tag="GST" ind1=" " ind2=" ">
    <subfield code="a">Motorfahrzeug</subfield>
    <subfield code="A">GND</subfield>
    <subfield code="B">GND-040737578</subfield>
    <subfield code="C">450</subfield>
  </datafield>
  <datafield tag="GST" ind1=" " ind2=" ">
    <subfield code="a">Kraftfahrzeuge</subfield>
    <subfield code="A">GND</subfield>
    <subfield code="B">GND-040737578</subfield>
    <subfield code="C">450</subfield>
  </datafield>
  <datafield tag="GSI" ind1="7" ind2=" ">
    <subfield code="a">http://d-nb.info/gnd/4073757-3</subfield>
    <subfield code="2">uri</subfield>
    <subfield code="A">GND</subfield>
    <subfield code="B">GND-040737578</subfield>
    <subfield code="C">024</subfield>
  </datafield>
  <datafield tag="GKT" ind1="2" ind2=" ">
    <subfield code="a">Daimler Company</subfield>
    <subfield code="b">Daimler</subfield>
    <subfield code="g">Marke</subfield>
    <subfield code="A">GND</subfield>
    <subfield code="B">GND-949843539</subfield>
    <subfield code="C">410</subfield>
  </datafield>
  <datafield tag="GSI" ind1="7" ind2=" ">
    <subfield code="a">http://d-nb.info/gnd/4443675-0</subfield>
    <subfield code="2">uri</subfield>
    <subfield code="A">GND</subfield>
    <subfield code="B">GND-949843539</subfield>
    <subfield code="C">024</subfield>
  </datafield>
  <datafield tag="GST" ind1=" " ind2=" ">
    <subfield code="a">Automobilrennsport</subfield>
    <subfield code="A">GND</subfield>
    <subfield code="B">GND-040039889</subfield>
    <subfield code="C">450</subfield>
  </datafield>
  <datafield tag="GST" ind1=" " ind2=" ">
    <subfield code="a">Autorennsport</subfield>
    <subfield code="A">GND</subfield>
    <subfield code="B">GND-040039889</subfield>
    <subfield code="C">450</subfield>
  </datafield>
  <datafield tag="GSI" ind1="7" ind2=" ">
    <subfield code="a">http://d-nb.info/gnd/4003988-2</subfield>
    <subfield code="2">uri</subfield>
    <subfield code="A">GND</subfield>
    <subfield code="B">GND-040039889</subfield>
    <subfield code="C">024</subfield>
  </datafield>
  <datafield tag="GSI" ind1="7" ind2=" ">
    <subfield code="a">http://d-nb.info/gnd/124897274</subfield>
    <subfield code="2">uri</subfield>
    <subfield code="A">GND</subfield>
    <subfield code="B">GND-124897274</subfield>
    <subfield code="C">024</subfield>
  </datafield>
</record>